%state of the art
@inproceedings{Luthon1998,
  title={Lip Motion Automatic Detection},
  author={F. Luthon, M. Liévin},
  year={1998}
}

@article{Siatras2006,
  title={VISUAL SPEECH DETECTION USING MOUTH REGION INTENSITIES},
  author={Spyridon Siatras, Nikos Nikolaidis and Ioannis Pitas},
  journal    = {14th European Signal Processing Conference (EUSIPCO 2006), Florence, Italy, September 4-8, 2006, copyright by EURASIP},
  year={2006}
}

@inproceedings{Khan2009VisualSD,
  title={Visual speech detection using OpenCV},
  author={Muhammad Usman Ghani Khan and Sajid Mahmood and Mahmood Ahmed and Yoshihiko Gotoh},
  year={2009}
}

@article{Bendris2010,
  title={Lip activity detection for talking faces classification in tvcontent},
  author={Meriem Bendris, Delphine Charlet and Gerard Chollet},
  journal    = {3rd International Conference on Machine
Vision (ICMV)},
  pages = {187-190},
  year={2010}
}

@ARTICLE{Patrona2016, 
author={F. Patrona and A. Iosifidis and A. Tefas and N. Nikolaidis and I. Pitas}, 
journal={IEEE Transactions on Multimedia}, 
title={Visual Voice Activity Detection in the Wild}, 
year={2016}, 
volume={18}, 
number={6}, 
pages={967-977}, 
keywords={face recognition;feedforward neural nets;image classification;image motion analysis;image representation;image segmentation;learning (artificial intelligence);object detection;video signal processing;visual voice activity detection;V-VAD method;shape information;motion information;facial video segment description;bag-of-words model;facial video segment representation;facial video segment classification;classification algorithms;V-VAD dataset;Visualization;Motion segmentation;Speech;Shape;Spatiotemporal phenomena;Feature extraction;Speech recognition;Voice Activity Detection in the wild;Bag of Words model;Action Recognition;Action recognition;bag of words model;kernel extreme learning machine;space-time interest points;voice activity detection in the wild}, 
doi={10.1109/TMM.2016.2535357}, 
ISSN={1520-9210}, 
month={June}
}

@inproceedings{Aung2015,
 author = {Aung, Zaw Htet and Ritthipravat, Panrasee},
 title = {Robust Visual Voice Activity Detection Using Long Short-Term Memory Recurrent Neural Network},
 booktitle = {Revised Selected Papers of the 7th Pacific-Rim Symposium on Image and Video Technology - Volume 9431},
 series = {PSIVT 2015},
 year = {2016},
 isbn = {978-3-319-29450-6},
 location = {Auckland, New Zealand},
 pages = {380--391},
 numpages = {12},
 url = {http://dx.doi.org/10.1007/978-3-319-29451-3_31},
 doi = {10.1007/978-3-319-29451-3_31},
 acmid = {2939457},
 publisher = {Springer-Verlag New York, Inc.},
 address = {New York, NY, USA},
 keywords = {Long short-term memory, Recurrent neural network, Supervised sequence classification, Visual voice activity detection},
}
 




% social (robotics)
@book{kanda2017human,
  title={Human-Robot Interaction in Social Robotics},
  author={Kanda, T. and Ishiguro, H.},
  isbn={9781351832410},
  url={https://books.google.de/books?id=2ghEDwAAQBAJ},
  year={2017},
  publisher={CRC Press}
}

@book{Nikitina2011,
  title={Successful Public Speaking},
  author={Arina Nikitina},
  isbn={978-87-7681-947-7},
  url={https://www.isbtweb.org/fileadmin/user_upload/successful-public-speaking.pdf},
  year={2011},
  publisher={bookboon}
}

@article{BrigPaus1994,
title = {Pauses and the Temporal Structure of Speech},
author = { Brigitte Zellner},
year = {1994},
URL = {http://citeseerx.ist.psu.edu/viewdoc/summary?doi=10.1.1.36.1414},
}

@article{LEMAIGNAN201745,
	title = {"Artificial cognition for social human–robot interaction: An implementation"},
	journal = {"Artificial Intelligence"},
	volume = {"247"},
	pages = {"45 - 69"},
	year = {"2017"},
	note = {"Special Issue on AI and Robotics"},
	issn = {"0004-3702"},
	doi = {"https://doi.org/10.1016/j.artint.2016.07.002"},
	url = {"http://www.sciencedirect.com/science/article/pii/S0004370216300790"},
	author = {"Séverin Lemaignan and Mathieu Warnier and E. Akin Sisbot and Aurélie Clodic and Rachid Alami"},
	keywords = {"Human–robot interaction, Cognitive robotics, Perspective taking, Cognitive architecture, Knowledge representation and reasoning"}
}

@article{ARGYLE1965,
title = {"Eye-Contact, Distance and Affiliation"},
journal = {"Sociometry"},
volume = {"28"},
pages = {"289 - 304"},
year = {"1965"},
note = {"Issue 3"},
url = {"http://www.columbia.edu/~rmk7/HC/HC_Readings/Argyle.pdf"},
author = {"Michael Argyle, Janet Dean"}
}

@article{RoseSele1992,
title = {Selective attention},
author = {Steven Rose},
journal = {Nature},
year = {1992},
ISSN = {1476-4687},
URL = {http://dx.doi.org/10.1038/360426b0}
}


% Soft- and Hardware
@online{Pepper2018,
	author={SoftBankRobotics},
	title={Technical overview of Pepper},
	year={2018},
	url={http://doc.aldebaran.com/2-7/family/pepper_technical/index_pep.html},
	urldate={2019-08-13}
}

@image{pepperOverview,
	author={How It Works},
	title={Robot helpers: The real-life droids you’re looking for},
	year={2016},
	url={https://www.howitworksdaily.com/robot-helpers-the-real-life-droids-youre-looking-for/}
}
@software{Dlib,
	author={Davis King},
	title={Dlib},
  howpublished={Python library},
	url={http://dlib.net/}
}

@software{OpenCV,
	author={OpenCV Foundation},
	title={OpenCV},
  howpublished={Python library},
	url={https://opencv.org/}
}

@software{Keras,
	author={François Chollet},
	title={Keras},
  howpublished={Python library},
	url={https://keras.io/}
}

@software{NumPy,
	author={NumPy Developers},
	title={NumPy},
  howpublished={Python library},
	url={https://numpy.org/index.html}
}

@software{NODE,
	author={Node.js Foundation},
	title={Node.js},
  howpublished={JavaScript run-time environment},
	url={https://nodejs.org/en/}
}
@software{MONGO,
	author={MongoDB, Inc.},
	title={mongoDB},
  howpublished={NoSQL database},
	url={https://www.mongodb.com/en}
}
@software{EXPRESS,
	author={Node.js Foundation},
	title={Express},
  howpublished={Node.js web application framework},
	url={http://expressjs.com/}
}
@software{PyPI,
	author={Python Software Foundation},
	title={The Python Package Index (PyPI)},
  howpublished={Python package repository},
	url={https://pypi.org/}
}

%@image{LVDFKI, 
%	author={Prof. Frank Kirchner, Dr. Mario Michael Krell},
%	title={Vorlesungsfolien zu "Lernverfahren für autonome Roboter"},
%	year={2016},
%	url={https://robotik.dfki-bremen.de/de/lehre/lehrveranstaltungen/vergangene-semester/wintersemester-201617.html}
%
%}
%INSTITUTION = {Deutsches Forschungszentrum für Künstliche Intelligenz GmbH},
%ADDRESS = {Robert-Hooke-Straße 1, D-28359 Bremen},

@booklet{LVDFKI,
author	= {Prof. Frank Kirchner, Dr. Mario Michael Krell},
title = {Lernverfahren für autonome Roboter},
howpublished	= {Vorlesungsskript},
year={2016},
url={https://robotik.dfki-bremen.de/de/lehre/lehrveranstaltungen/vergangene-semester/wintersemester-201617.html}
}


@booklet{BGDFKI,
author	= {Prof. Frank Kirchner, Dr. rer. nat. Elsa Andrea Kirchner},
title = {Biologische Grundlagen für autonome, mobile Roboter},
howpublished	= {Vorlesungsskript},
year={2017},
url={https://robotik.dfki-bremen.de/de/lehre/lehrveranstaltungen/vergangene-semester/wintersemester-201718.html}
}

%Datasets

@INPROCEEDINGS{6755925,
author={C. {Sagonas} and G. {Tzimiropoulos} and S. {Zafeiriou} and M. {Pantic}},
booktitle={2013 IEEE International Conference on Computer Vision Workshops},
title={300 Faces in-the-Wild Challenge: The First Facial Landmark Localization Challenge},
year={2013},
volume={},
number={},
pages={397-403},
keywords={computer vision;face recognition;Faces in-the-Wild Challenge;facial landmark localization challenge;automatic facial point detection;face analysis;fiducial points;International Conference on Computer Vision 2013;Sydney;Australia;Databases;Shape;Training;Testing;Conferences;Computer vision;Accuracy},
doi={10.1109/ICCVW.2013.59},
ISSN={},
month={Dec},}

@inproceedings{imagenet_cvpr09,
        AUTHOR = {Deng, J. and Dong, W. and Socher, R. and Li, L.-J. and Li, K. and Fei-Fei, L.},
        TITLE = {{ImageNet: A Large-Scale Hierarchical Image Database}},
        BOOKTITLE = {CVPR09},
        YEAR = {2009},
        BIBSOURCE = "http://www.image-net.org/papers/imagenet_cvpr09.bib"}

@article{Harrison78,
  title={Hedonic housing prices and the demand for clean air},
  author={David Harrison Jr. and Daniel L Rubinfeld},
  journal={Journal of Environmental Economics and Management},
  year={March 1978},
  volume={5},
  issue={1},
  pages={81-102}, 
  URL = {https://doi.org/10.1016/0095-0696(78)90006-2},
}

@article{YannGrad1998,
title = {Gradient-Based Learning Applied to Document Recognition},
author = { Yann Lecun and  Léon Bottou and  Yoshua Bengio and  Patrick Haffner},
year = {1998},
URL = {http://citeseerx.ist.psu.edu/viewdoc/summary?doi=10.1.1.42.7665},
}

@online{DataSplit,
	author={
Sagar Patel},
	title={Data Science essentials: Why train-validation-test data?},
	year={2018 },
	url={https://medium.com/datadriveninvestor/data-science-essentials-why-train-validation-test-data-b7f7d472dc1f},
	urldate={2019-09-17}
}

@online{ImageNet,
	author={Stanford Vision Lab, Stanford University, Princeton University},
	title={ImageNet},
	year={2016 },
	url={http://www.image-net.org/},
	urldate={2019-09-12}
}

@online{Schmitt2018,
	author={Schmitt, Markus},
	title={The 4 Most Important Success Factors in any Machine Learning Project},
	year={2018},
	url={https://medium.com/@FHMS/the-4-most-important-success-factors-for-any-machine-learning-project-bfcb17d15b60},
	urldate={2019-08-01}
}

@InProceedings{Chung16,
  author = {"Chung, J.~S. and Zisserman, A."},
  title        = {"Lip Reading in the Wild"},
  booktitle    = {"Asian Conference on Computer Vision"},
  year         = {"2016"}
}
@InProceedings{Chung17,
  author       = {"Chung, J.~S. and Senior, A. and Vinyals, O. and Zisserman, A."},
  title        = {"Lip Reading Sentences in the Wild"},
  booktitle    = {"IEEE Conference on Computer Vision and Pattern Recognition"},
  year         = {"2017"}
}

@InProceedings{Chung18,
  author       = {"Triantafyllos Afouras, Joon Son Chung, Andrew Zisserman"},
  title        = {"LRS3-TED: a large-scale dataset for visual speech recognition"},
  booktitle    = {"arXiv:1809.00496v2 [cs.CV] 28 Oct 2018"},
  year         = {"2018"}
}

@article{Patterson2002,
  title={CUAVE: A new audio-visual database for multimodal human-computer interface research},
  author={Eric K. Patterson and Sabri Gurbuz and Zekeriya Tufekci and John N. Gowdy},
  journal={2002 IEEE International Conference on Acoustics, Speech, and Signal Processing},
  year={2002},
  volume={2},
  pages={II-2017-II-2020}
}

%Object tracking

@InProceedings{Danelljan2014,
	title = {Accurate Scale Estimation for Robust Visual Tracking},
	author = {Danelljan, Martin and Häger, Gustav and Shahbaz Khan, Fahad and Felsberg, Michael},
	year = {2014},
	booktitle = {Proceedings of the British Machine Vision Conference},
	publisher = {BMVA Press},
	editors = {Valstar, Michel and French, Andrew and Pridmore, Tony},
	doi = { http://dx.doi.org/10.5244/C.28.65 }
}
@article{BolmVisu2010,
	title = {Visual object tracking using adaptive correlation filters},
	author = {David S Bolme and J Ross Beveridge and Bruce A Draper and  },
	publisher = {IEEE},
	journal = {Investigations of temperature dependent photoluminescence process in MgO thin films},
	pages = {2544-2550},
	year = {2010},
	keywords = {tracking; filtering theory; object detection; MOSSE filter; visual object tracking; adaptive correlation filters; complex objects; ASEF; UMACE; visual tracking; robust filters; minimum output sum; squared error; Target tracking; Correlation; Training; Robustness; Visualization; Equations},
	ISSN = {978142446985710636919},
	URL = {http://dx.doi.org/10.1109/CVPR.2010.5539960}
}

@article{PaulASur2014,
	title = {A Survey on Object Detection Tracking and Identification in a Video Surveillance System},
	author = {Neetha Mary Paul and Ariya TK},
	publisher = {IJRCCT},
	year = {2014},
	keywords = {Object tracking; object detection; identification; Bhattacharyya coefficient.},
	URL = {http://ijrcct.org/index.php/ojs/article/view/657}
}

@article{AlpeObje2006,
	title = {Object Tracking: A Survey},
	author = { Alper Yilmaz and  Omar Javed and Mubarak Shah },
	year = {2006},
	keywords = {General Terms; Algorithms Additional Key Words and Phrases; Appearance models; contour evolution; feature selection; object detection; object representation; point tracking; shape tracking ACM Reference Format},
	URL = {http://citeseerx.ist.psu.edu/viewdoc/summary?doi=10.1.1.112.8588}
}

@article{HamiASur,
title = {A Survey on Visual Object Tracking Algorithms},
author = {Hamidreza Azimian },
URL = {http://citeseerx.ist.psu.edu/viewdoc/summary?doi=10.1.1.463.1291}
}


@book{Nume2007,
title = {Numerical recipes : the art of scientific computing},
author = {William H. Press},
edition = {3. ed., this print. is corr. to software version 3.0},
publisher = {Cambridge Univ. Press},
address = {Cambridge [u.a.]},
year = {2007},
note = {XXI, 1235 S. ; 26 cm : Ill., graph. Darst.},
keywords = {Numerisches Verfahren; C++},
ISBN = {9780521880688 and 0521884071 and 9780521884075 and 9780521884075},
URL = {https://suche.suub.uni-bremen.de/peid=B54387341}
}

@article{BolmAver2009,
title = {Average of Synthetic Exact Filters},
author = {D.S. Bolme and B.A. Draper and J.R. Beveridge},
publisher = {IEEE},
journal = {Geo-location inference from image content and user tags},
year = {2009},
keywords = {image processing; eye; filtering theory; FERET database; average of synthetic exact filters; correlation filters; training image; synthetic discriminant functions; eye localization; Training; Correlation; Face; Pixel; Prediction algorithms; Noise; Data mining},
ISBN = {9781424439942},
URL = {http://dx.doi.org/10.1109/CVPRW.2009.5206701}
}

@article{Mahalanobis94,
author = {Abhijit Mahalanobis and B. V. K. Vijaya Kumar and Sewoong Song and S. R. F. Sims and J. F. Epperson},
journal = {Appl. Opt.},
keywords = {Discrete Fourier transforms; Fourier transforms; Optical systems; Power spectra; Spatial light modulators; Synthetic discrimination functions},
number = {17},
pages = {3751--3759},
publisher = {OSA},
title = {Unconstrained correlation filters},
volume = {33},
month = {Jun},
year = {1994},
url = {http://ao.osa.org/abstract.cfm?URI=ao-33-17-3751},
doi = {10.1364/AO.33.003751},
abstract = {A mathematical analysis of the distortion tolerance in correlation filters is presented. A good measure for distortion performance is shown to be a generalization of the minimum average correlation energy criterion. To optimize the filter's performance, we remove the usual hard constraints on the outputs in the synthetic discriminant function formulation. The resulting filters exhibit superior distortion tolerance while retaining the attractive features of their predecessors such as the minimum average correlation energy filter and the minimum variance synthetic discriminant function filter. The proposed theory also unifies several existing approaches and examines the relationship between different formulations. The proposed filter design algorithm requires only simple statistical parameters and the inversion of diagonal matrices, which makes it attractive from a computational standpoint. Several properties of these filters are discussed with illustrative examples.}
}

@article{Mahalanobis87,
author = {Abhijit Mahalanobis and B. V. K. Vijaya Kumar and David Casasent},
journal = {Appl. Opt.},
keywords = {Bandpass filters; Fourier transforms; Image sharpening; Power spectra; Spatial filtering; Synthetic discrimination functions},
number = {17},
pages = {3633--3640},
publisher = {OSA},
title = {Minimum average correlation energy filters},
volume = {26},
month = {Sep},
year = {1987},
url = {http://ao.osa.org/abstract.cfm?URI=ao-26-17-3633},
doi = {10.1364/AO.26.003633},
abstract = {The synthesis of a new category of spatial filters that produces sharp output correlation peaks with controlled peak values is considered. The sharp nature of the correlation peak is the major feature emphasized, since it facilitates target detection. Since these filters minimize the average correlation plane energy as the first step in filter synthesis, we refer to them as minimum average correlation energy filters. Experimental laboratory results from optical implementation of the filters are also presented and discussed.}
}

@INPROCEEDINGS{Savvides2003, 
author={M. Savvides and B. V. K. Vijaya Kumar}, 
booktitle={Proceedings of the IEEE Conference on Advanced Video and Signal Based Surveillance, 2003.}, 
title={Efficient design of advanced correlation filters for robust distortion-tolerant face recognition}, 
year={2003}, 
volume={}, 
number={}, 
pages={45-52}, 
keywords={correlation methods;filtering theory;face recognition;biometrics (access control);computational complexity;learning (artificial intelligence);video signal processing;advanced correlation filters;distortion-tolerant face recognition;biometrics;face authentication;face identification;filter synthesis;face verification;video stream;pose variations;scale variations;face localization;minimum average correlation energy filter;Robustness;Face recognition;Authentication;Matched filters;Lighting;Equations;Biometrics;Face detection;Pixel;Databases}, 
doi={10.1109/AVSS.2003.1217900}, 
ISSN={}, 
month={July},}


%sequence classification
@book{Goodfellow-et-al-2016,
    title={Deep Learning},
    author={Ian Goodfellow and Yoshua Bengio and Aaron Courville},
    publisher={MIT Press},
    note={\url{http://www.deeplearningbook.org}},
    year={2016}
}

@article{Zhengzheng2010,
  author       = {"Zhengzheng Xing, Jian Pei, Eamonn Keogh"},
  title        = {"A Brief Survey on Sequence Classification"},
  journal={SIGKDD Explorations},
  volume={12},
  issue={1},
  year         = {"2010"}
}
@article{Lesh99,
  author       = {"N. Lesh, M. J. Zaki, M. Ogihara"},
  title        = {"Mining features for sequence classification"},
  journal={KDD ’99: Proceedings of the fifth ACM SIGKDD international conference on Knowledge discovery and data mining},
  pages = {"342 - 346"},
  year         = {"1999"}
}
@article{Xing2011,
  author       = {"Zhengzheng Xing, Jian Pei, Philip S. Yu"},
  title        = {"Early Classification on Time Series"},
  year         = {"2011"}
}

@InProceedings{Fazle18,
  author       = {"Fazle Karim, Somshubra Majumdar, Houshang Darabi"},
  title        = {"Multivariate LSTM-FCNs for Time Series Classification"},
  booktitle    = {"arXiv:1801.04503v1 [cs.LG] 14 Jan 2018"},
  year         = {"2018"}
}
@InProceedings{Fazle17,
  author       = {"Fazle Karim, Somshubra Majumdar, Houshang Darabi"},
  title        = {"LSTM Fully Convolutional Networks for Time
Series Classification"},
  booktitle    = {"arXiv:1709.05206v1 [cs.LG] 8 Sep 2017"},
  year         = {"2017"}
}

%BigData
@INPROCEEDINGS{NIST2018, 
author={NIST Big Data Public Working Group
Definitions and Taxonomies Subgroup}, 
booktitle={NIST Special Publication 1500-1r1}, 
title={NIST Big Data Interoperability
Framework, Definitions}, 
year={2018}, 
volume={1}, 
number={2},
keywords={Big Data; Big Data Application Provider; Big Data Characteristics; Big Data Definitions; Big Data Framework
Provider; Big Data Taxonomy; cloud; Data Consumer; Data Provider; data science; Internet of Things (IoT);
machine learning; Management Fabric; Reference Architecture; Security and Privacy Fabric; System
Orchestrator; use cases},
doi={https://doi.org/10.6028/NIST.SP.1500-1r1}, 
month={June},}

%Evaluation

@article{SelvarajuDVCPB16,
  author    = {Ramprasaath R. Selvaraju and
               Abhishek Das and
               Ramakrishna Vedantam and
               Michael Cogswell and
               Devi Parikh and
               Dhruv Batra},
  title     = {Grad-CAM: Why did you say that? Visual Explanations from Deep Networks
               via Gradient-based Localization},
  journal   = {CoRR},
  volume    = {abs/1610.02391},
  year      = {2016},
  url       = {http://arxiv.org/abs/1610.02391},
  archivePrefix = {arXiv},
  eprint    = {1610.02391},
  timestamp = {Mon, 13 Aug 2018 16:46:58 +0200},
  biburl    = {https://dblp.org/rec/bib/journals/corr/SelvarajuDVCPB16},
  bibsource = {dblp computer science bibliography, https://dblp.org}
}
% Deep Learing
@book{CholDeep2018,
title = {Deep Learning mit Python und Keras : das Praxis-Handbuch : vom Entwickler der Keras-Bibliothek},
author = {François Chollet and Knut Lorenzen},
edition = {1. Auflage},
publisher = {mitp},
address = {Frechen},
year = {2018},
note = {443 Seiten ; 24 cm : Diagramme, Illustrationen},
keywords = {Keras / Framework, Informatik; Deep learning; Python / Programmiersprache},
ISBN = {3958458386 and 9783958458383 and 9783958458383},
URL = {https://www.safaribooksonline.com/library/view/title/9783958458406/?ar},
}

@article{AlphaGo,
title	= {Mastering the game of Go with deep neural networks and tree search},
author	= {David Silver and Aja Huang and Christopher J. Maddison and Arthur Guez and Laurent Sifre and George van den Driessche and Julian Schrittwieser and Ioannis Antonoglou and Veda Panneershelvam and Marc Lanctot and Sander Dieleman and Dominik Grewe and John Nham and Nal Kalchbrenner and Ilya Sutskever and Timothy Lillicrap and Madeleine Leach and Koray Kavukcuoglu and Thore Graepel and Demis Hassabis},
year	= {2016},
URL	= {http://www.nature.com/nature/journal/v529/n7587/full/nature16961.html},
journal	= {Nature},
pages	= {484--503},
volume	= {529}
}

@article{Herculano09,
title	= {The human brain in numbers: a linearly scaled-up primate brain.},
author	= {Herculano-Houzel, Suzana},
year	= {9 Nov. 2009},
URL	= {https://www.ncbi.nlm.nih.gov/pmc/articles/PMC2776484/},
doi = {doi:10.3389/neuro.09.031.2009},
journal	= {Frontiers in human neuroscience},
volume	= {3:31}
}

@article{DENNY-BROWN1928,
title	= {Conditioned Reflexes: an Investigation of the Physiological Activity of the Cerebral Cortex},
author	= {DENNY-BROWN, D.},
year	= {1928},
URL	= {https://doi.org/10.1038/121662a0},
doi = {doi:10.1038/121662a0},
journal	= {Nature},
volume	= {121}, 
pages	= {662--664},
}

@book{rosenblatt1962principles,
  title={Principles of neurodynamics: perceptrons and the theory of brain mechanisms},
  author={Rosenblatt, F.},
  lccn={62012882},
  series={Report (Cornell Aeronautical Laboratory)},
  url={https://books.google.ca/books?id=7FhRAAAAMAAJ},
  year={1962},
  publisher={Spartan Books}
}

@book{Nielsen2015,
  title={Neural Networks and Deep Learning},
  author={Michael A. Nielsen},
  url={http://neuralnetworksanddeeplearning.com/},
  year={2015},
  publisher={Determination Press}
}

@image{pavlovsDog,
	author={Salehi.s},
	title={Classical Conditioning Diagram},
	year={2019},
	url={https://commons.wikimedia.org/w/index.php?curid=53458610}
}

@image{gradDescent,
	author={Abdullah Al Imran},
	title={Intuition of Gradient Descent for Machine Learning},
	year={2017},
	url={https://medium.com/abdullah-al-imran/intuition-of-gradient-descent-for-machine-learning-49e1b6b89c8b}
}

@online{Chris2017,
	author={Adi Chris},
	title={From Perceptron to Deep Neural Nets},
	year={2017},
	url={https://becominghuman.ai/from-perceptron-to-deep-neural-nets-504b8ff616e},
	urldate={2019-08-08}
}

@booklet{ConvNNs,
author	= {Justin Johnson},
title = {CS231n: Convolutional Neural Networks for Visual Recognition},
howpublished	= {Lecture Notes},
year={2019},
url={http://cs231n.github.io/neural-networks-1/}
}

@article{ValdenegroToro2019DeepNN,
  title={Deep Neural Networks for Marine Debris Detection in Sonar Images},
  author={Matias Valdenegro-Toro},
  journal={ArXiv},
  year={2019},
  volume={abs/1905.05241}
}

@image{lr,
	author={Jeremy Jordan},
	title={Setting the learning rate of your neural network.},
	year={2018},
	url={https://www.jeremyjordan.me/nn-learning-rate/}
}

@article{JMLR:v15:srivastava14a,
  author  = {Nitish Srivastava and Geoffrey Hinton and Alex Krizhevsky and Ilya Sutskever and Ruslan Salakhutdinov},
  title   = {Dropout: A Simple Way to Prevent Neural Networks from Overfitting},
  journal = {Journal of Machine Learning Research},
  year    = {2014},
  volume  = {15},
  pages   = {1929-1958},
  url     = {http://jmlr.org/papers/v15/srivastava14a.html}
}

@misc{ioffe2015batch,
    title={Batch Normalization: Accelerating Deep Network Training by Reducing Internal Covariate Shift},
    author={Sergey Ioffe and Christian Szegedy},
    year={2015},
    eprint={1502.03167},
    archivePrefix={arXiv},
    primaryClass={cs.LG}
}
@ARTICLE{2018arXiv180511604S,
       author = {{Santurkar}, Shibani and {Tsipras}, Dimitris and {Ilyas}, Andrew and
         {Madry}, Aleksander},
        title = "{How Does Batch Normalization Help Optimization?}",
      journal = {arXiv e-prints},
     keywords = {Statistics - Machine Learning, Computer Science - Machine Learning, Computer Science - Neural and Evolutionary Computing},
         year = "2018",
        month = "May",
          eid = {arXiv:1805.11604},
        pages = {arXiv:1805.11604},
archivePrefix = {arXiv},
       eprint = {1805.11604},
 primaryClass = {stat.ML},
       adsurl = {https://ui.adsabs.harvard.edu/abs/2018arXiv180511604S},
      adsnote = {Provided by the SAO/NASA Astrophysics Data System}
}

@incollection{BRINKMANN200893,
title = "CHAPTER FOUR - Basic Image Manipulation",
editor = "RON BRINKMANN",
booktitle = "The Art and Science of Digital Compositing (Second Edition)",
publisher = "Morgan Kaufmann",
edition = "Second Edition",
address = "Boston",
pages = "93 - 148",
year = "2008",
series = "The Morgan Kaufmann Series in Computer Graphics",
isbn = "978-0-12-370638-6",
doi = "https://doi.org/10.1016/B978-0-12-370638-6.00004-3",
url = "http://www.sciencedirect.com/science/article/pii/B9780123706386000043",
author = "RON BRINKMANN"
}

@online{ILSVRC,
	author={Stanford Vision Lab},
	title={Large Scale Visual Recognition Challenge (ILSVRC)},
	url={http://www.image-net.org/challenges/LSVRC/},
	urldate={2019-09-22}
}
@incollection{NIPS2012_4824,
title = {ImageNet Classification with Deep Convolutional Neural Networks},
author = {Alex Krizhevsky and Sutskever, Ilya and Hinton, Geoffrey E},
booktitle = {Advances in Neural Information Processing Systems 25},
editor = {F. Pereira and C. J. C. Burges and L. Bottou and K. Q. Weinberger},
pages = {1097--1105},
year = {2012},
publisher = {Curran Associates, Inc.},
url = {http://papers.nips.cc/paper/4824-imagenet-classification-with-deep-convolutional-neural-networks.pdf}
}

@article{LSTM,
author = {Hochreiter, Sepp and Schmidhuber, Jürgen},
year = {1997},
month = {12},
pages = {1735-80},
title = {Long Short-term Memory},
volume = {9},
journal = {Neural computation},
doi = {10.1162/neco.1997.9.8.1735}
}

@inproceedings{LSTMFig,
author = {Ma, Xuezhe and Hovy, Eduard},
year = {2016},
month = {03},
pages = {1064-1074},
title = {End-to-end Sequence Labeling via Bi-directional LSTM-CNNs-CRF},
doi = {10.18653/v1/P16-1101}
}


%FaceDetection
@MISC{Viola01rapidobject,
    author = {Paul Viola and Michael Jones},
    title = {Rapid object detection using a boosted cascade of simple features },
    year = {2001}
}

@article{FREUND1997119,
title = "A Decision-Theoretic Generalization of On-Line Learning and an Application to Boosting",
journal = "Journal of Computer and System Sciences",
volume = "55",
number = "1",
pages = "119 - 139",
year = "1997",
issn = "0022-0000",
doi = "https://doi.org/10.1006/jcss.1997.1504",
url = "http://www.sciencedirect.com/science/article/pii/S002200009791504X",
author = "Yoav Freund and Robert E Schapire",
abstract = "In the first part of the paper we consider the problem of dynamically apportioning resources among a set of options in a worst-case on-line framework. The model we study can be interpreted as a broad, abstract extension of the well-studied on-line prediction model to a general decision-theoretic setting. We show that the multiplicative weight-update Littlestone–Warmuth rule can be adapted to this model, yielding bounds that are slightly weaker in some cases, but applicable to a considerably more general class of learning problems. We show how the resulting learning algorithm can be applied to a variety of problems, including gambling, multiple-outcome prediction, repeated games, and prediction of points in Rn. In the second part of the paper we apply the multiplicative weight-update technique to derive a new boosting algorithm. This boosting algorithm does not require any prior knowledge about the performance of the weak learning algorithm. We also study generalizations of the new boosting algorithm to the problem of learning functions whose range, rather than being binary, is an arbitrary finite set or a bounded segment of the real line."
}